<?xml version="1.0" encoding="UTF-8"?><record xmlns="http://www.loc.gov/MARC21/slim" xmlns:cinclude="http://apache.org/cocoon/include/1.0" xmlns:zs="http://www.loc.gov/zing/srw/">
  <leader>00717cz  a2200157n  4500</leader>
  <controlfield tag="001">n  91101782 </controlfield>
  <controlfield tag="003">DLC</controlfield>
  <controlfield tag="005">20140416184142.0</controlfield>
  <controlfield tag="008">911004n| azannaabn          |a aaa      </controlfield>
  <datafield tag="010" ind1=" " ind2=" ">
    <subfield code="a">n  91101782 </subfield>
  </datafield>
  <datafield tag="035" ind1=" " ind2=" ">
    <subfield code="a">(Uk)002741554</subfield>
  </datafield>
  <datafield tag="040" ind1=" " ind2=" ">
    <subfield code="a">DLC</subfield>
    <subfield code="b">eng</subfield>
    <subfield code="e">rda</subfield>
    <subfield code="c">DLC</subfield>
    <subfield code="d">DLC</subfield>
    <subfield code="d">Uk</subfield>
    <subfield code="d">DLC</subfield>
  </datafield>
  <datafield tag="100" ind1="1" ind2=" ">
    <subfield code="a">Harmatta, J.</subfield>
    <subfield code="q">(János),</subfield>
    <subfield code="d">1917-2004.</subfield>
    <subfield code="t">Türk rovásirásos feliratok Kelet-Európában.</subfield>
    <subfield code="l">French</subfield>
  </datafield>
  <datafield tag="400" ind1="1" ind2=" ">
    <subfield code="a">Hamatta, J.</subfield>
    <subfield code="q">(János),</subfield>
    <subfield code="d">1917-2004.</subfield>
    <subfield code="t">Inscriptions runiques turques en Europe orientale</subfield>
  </datafield>
  <datafield tag="670" ind1=" " ind2=" ">
    <subfield code="a">De la question concernant la langue des Avars ; Inscriptions runiques turques en Europe orientale, 1988.</subfield>
  </datafield>
  <datafield tag="670" ind1=" " ind2=" ">
    <subfield code="a">Hungarian National Library database, viewed 14 April 2014</subfield>
    <subfield code="b">(access point: Harmatta, János, 1917-2004)</subfield>
  </datafield>
</record>